%YAML 1.1
%TAG !u! tag:unity3d.com,2011:
--- !u!1 &1219553185878860089
GameObject:
  m_ObjectHideFlags: 0
  m_CorrespondingSourceObject: {fileID: 0}
  m_PrefabInstance: {fileID: 0}
  m_PrefabAsset: {fileID: 0}
  serializedVersion: 6
  m_Component:
  - component: {fileID: 3488483342536946716}
  - component: {fileID: 8149510219104673774}
  m_Layer: 0
  m_Name: AutoRunInput
  m_TagString: Untagged
  m_Icon: {fileID: 0}
  m_NavMeshLayer: 0
  m_StaticEditorFlags: 0
  m_IsActive: 1
--- !u!4 &3488483342536946716
Transform:
  m_ObjectHideFlags: 0
  m_CorrespondingSourceObject: {fileID: 0}
  m_PrefabInstance: {fileID: 0}
  m_PrefabAsset: {fileID: 0}
  m_GameObject: {fileID: 1219553185878860089}
  m_LocalRotation: {x: 0, y: 0, z: 0, w: 1}
  m_LocalPosition: {x: 0, y: 0, z: 0}
  m_LocalScale: {x: 1, y: 1, z: 1}
  m_Children: []
  m_Father: {fileID: 5444935392786029504}
  m_RootOrder: 1
  m_LocalEulerAnglesHint: {x: 0, y: 0, z: 0}
--- !u!114 &8149510219104673774
MonoBehaviour:
  m_ObjectHideFlags: 0
  m_CorrespondingSourceObject: {fileID: 0}
  m_PrefabInstance: {fileID: 0}
  m_PrefabAsset: {fileID: 0}
  m_GameObject: {fileID: 1219553185878860089}
  m_Enabled: 1
  m_EditorHideFlags: 0
  m_Script: {fileID: 11500000, guid: b6dd940c72b2b684880e0f4523f05dd8, type: 3}
  m_Name: 
  m_EditorClassIdentifier: 
--- !u!1 &3007655211628501151
GameObject:
  m_ObjectHideFlags: 0
  m_CorrespondingSourceObject: {fileID: 0}
  m_PrefabInstance: {fileID: 0}
  m_PrefabAsset: {fileID: 0}
  serializedVersion: 6
  m_Component:
  - component: {fileID: 3007655211628501150}
  - component: {fileID: 3007655211628501149}
  - component: {fileID: 3326003857490511261}
  - component: {fileID: 3863758822650469614}
  m_Layer: 0
  m_Name: Player
  m_TagString: Player
  m_Icon: {fileID: 0}
  m_NavMeshLayer: 0
  m_StaticEditorFlags: 0
  m_IsActive: 1
--- !u!4 &3007655211628501150
Transform:
  m_ObjectHideFlags: 0
  m_CorrespondingSourceObject: {fileID: 0}
  m_PrefabInstance: {fileID: 0}
  m_PrefabAsset: {fileID: 0}
  m_GameObject: {fileID: 3007655211628501151}
  m_LocalRotation: {x: -0, y: 0.7071064, z: -0, w: 0.70710725}
  m_LocalPosition: {x: 0, y: 0, z: 0}
  m_LocalScale: {x: 1, y: 1, z: 1}
  m_Children:
  - {fileID: 5444935392786029504}
  - {fileID: 996730327766588225}
  m_Father: {fileID: 0}
  m_RootOrder: 0
  m_LocalEulerAnglesHint: {x: 0, y: 90, z: 0}
--- !u!143 &3007655211628501149
CharacterController:
  m_ObjectHideFlags: 0
  m_CorrespondingSourceObject: {fileID: 0}
  m_PrefabInstance: {fileID: 0}
  m_PrefabAsset: {fileID: 0}
  m_GameObject: {fileID: 3007655211628501151}
  m_Material: {fileID: 0}
  m_IsTrigger: 0
  m_Enabled: 1
  serializedVersion: 2
  m_Height: 4
  m_Radius: 1.4
  m_SlopeLimit: 45
  m_StepOffset: 0.3
  m_SkinWidth: 0.0001
  m_MinMoveDistance: 0.001
  m_Center: {x: 0, y: 2, z: 0.22}
--- !u!114 &3326003857490511261
MonoBehaviour:
  m_ObjectHideFlags: 0
  m_CorrespondingSourceObject: {fileID: 0}
  m_PrefabInstance: {fileID: 0}
  m_PrefabAsset: {fileID: 0}
  m_GameObject: {fileID: 3007655211628501151}
  m_Enabled: 1
  m_EditorHideFlags: 0
  m_Script: {fileID: 11500000, guid: a29f998f7c4cb1d49a9efaa8066d013a, type: 3}
  m_Name: 
  m_EditorClassIdentifier: 
  cc: {fileID: 3007655211628501149}
  upwardGravityModifier: 4
  downwardGravityModifier: 6
  groundedDistance: 0.2
  groundedLeeway: 0.1
  enableGravity: 0
  input: {fileID: 8149510219104673774}
  animator: {fileID: 8542359621943355097}
  minInputMagnitude: 0.1
  maxSpeed: 15
  jumpHeight: 5
  rotateSpeed: 15
  enableInput: 0
  isDead: 0
  canJump: 1
  canDoubleJump: 1
  jumpCount: 0
  defaultState:
    cm: {fileID: 0}
    OnEnter:
      m_PersistentCalls:
        m_Calls: []
    OnExit:
      m_PersistentCalls:
        m_Calls: []
    gc: {fileID: 0}
  dashState:
    cm: {fileID: 0}
    OnEnter:
      m_PersistentCalls:
        m_Calls:
        - m_Target: {fileID: 0}
          m_TargetAssemblyTypeName: Hacker, Assembly-CSharp
          m_MethodName: TurnOn
          m_Mode: 1
          m_Arguments:
            m_ObjectArgument: {fileID: 0}
            m_ObjectArgumentAssemblyTypeName: UnityEngine.Object, UnityEngine
            m_IntArgument: 0
            m_FloatArgument: 0
            m_StringArgument: 
            m_BoolArgument: 1
          m_CallState: 2
    OnExit:
      m_PersistentCalls:
        m_Calls:
        - m_Target: {fileID: 0}
          m_TargetAssemblyTypeName: Hacker, Assembly-CSharp
          m_MethodName: TurnOff
          m_Mode: 1
          m_Arguments:
            m_ObjectArgument: {fileID: 0}
            m_ObjectArgumentAssemblyTypeName: UnityEngine.Object, UnityEngine
            m_IntArgument: 0
            m_FloatArgument: 0
            m_StringArgument: 
            m_BoolArgument: 0
          m_CallState: 2
    duration: 0.4
    speedCurve:
      serializedVersion: 2
      m_Curve:
      - serializedVersion: 3
        time: 0
        value: 30
        inSlope: -0.032682523
        outSlope: -0.032682523
        tangentMode: 0
        weightedMode: 2
        inWeight: 0
        outWeight: 1
      - serializedVersion: 3
        time: 1
        value: 4
        inSlope: -44.67796
        outSlope: -8.999997
        tangentMode: 1
        weightedMode: 1
        inWeight: 0.030782878
        outWeight: 0
      m_PreInfinity: 2
      m_PostInfinity: 2
      m_RotationOrder: 4
  slideState:
    cm: {fileID: 0}
    OnEnter:
      m_PersistentCalls:
        m_Calls: []
    OnExit:
      m_PersistentCalls:
        m_Calls: []
    duration: 0.3
    speedCurve:
      serializedVersion: 2
      m_Curve:
      - serializedVersion: 3
        time: 0
        value: 1
        inSlope: 0
        outSlope: 0
        tangentMode: 34
        weightedMode: 0
        inWeight: 0
        outWeight: 0
      - serializedVersion: 3
        time: 1
        value: 1
        inSlope: 0
        outSlope: 0
        tangentMode: 34
        weightedMode: 0
        inWeight: 0
        outWeight: 0
      m_PreInfinity: 2
      m_PostInfinity: 2
      m_RotationOrder: 4
    colliderHeight: 0.7
    visual: {fileID: 0}
  canDash: 1
  canSlide: 1
  isAutoRunning: 1
--- !u!114 &3863758822650469614
MonoBehaviour:
  m_ObjectHideFlags: 0
  m_CorrespondingSourceObject: {fileID: 0}
  m_PrefabInstance: {fileID: 0}
  m_PrefabAsset: {fileID: 0}
  m_GameObject: {fileID: 3007655211628501151}
  m_Enabled: 1
  m_EditorHideFlags: 0
  m_Script: {fileID: 11500000, guid: ae29971c30ecd4e4b9d7fd2683203d81, type: 3}
  m_Name: 
  m_EditorClassIdentifier: 
  protag: {fileID: 3326003857490511261}
  currentFire: 100
  fireDecreaseSpeed: 5
  fireDecreasing: 0
--- !u!1 &3435421879161484151
GameObject:
  m_ObjectHideFlags: 0
  m_CorrespondingSourceObject: {fileID: 0}
  m_PrefabInstance: {fileID: 0}
  m_PrefabAsset: {fileID: 0}
  serializedVersion: 6
  m_Component:
  - component: {fileID: 5444935392786029504}
  m_Layer: 0
  m_Name: _inputs
  m_TagString: Untagged
  m_Icon: {fileID: 0}
  m_NavMeshLayer: 0
  m_StaticEditorFlags: 0
  m_IsActive: 1
--- !u!4 &5444935392786029504
Transform:
  m_ObjectHideFlags: 0
  m_CorrespondingSourceObject: {fileID: 0}
  m_PrefabInstance: {fileID: 0}
  m_PrefabAsset: {fileID: 0}
  m_GameObject: {fileID: 3435421879161484151}
  m_LocalRotation: {x: 0, y: 0, z: 0, w: 1}
  m_LocalPosition: {x: 0, y: 0, z: 0}
  m_LocalScale: {x: 1, y: 1, z: 1}
  m_Children:
  - {fileID: 1563579300908937863}
  - {fileID: 3488483342536946716}
  m_Father: {fileID: 3007655211628501150}
  m_RootOrder: 0
  m_LocalEulerAnglesHint: {x: 0, y: 0, z: 0}
--- !u!1 &4369100549096207912
GameObject:
  m_ObjectHideFlags: 0
  m_CorrespondingSourceObject: {fileID: 0}
  m_PrefabInstance: {fileID: 0}
  m_PrefabAsset: {fileID: 0}
  serializedVersion: 6
  m_Component:
  - component: {fileID: 1563579300908937863}
  - component: {fileID: 2708103809603000893}
  m_Layer: 0
  m_Name: PlayerInput
  m_TagString: Untagged
  m_Icon: {fileID: 0}
  m_NavMeshLayer: 0
  m_StaticEditorFlags: 0
  m_IsActive: 1
--- !u!4 &1563579300908937863
Transform:
  m_ObjectHideFlags: 0
  m_CorrespondingSourceObject: {fileID: 0}
  m_PrefabInstance: {fileID: 0}
  m_PrefabAsset: {fileID: 0}
  m_GameObject: {fileID: 4369100549096207912}
  m_LocalRotation: {x: 0, y: 0, z: 0, w: 1}
  m_LocalPosition: {x: 0, y: 0, z: 0}
  m_LocalScale: {x: 1, y: 1, z: 1}
  m_Children: []
  m_Father: {fileID: 5444935392786029504}
  m_RootOrder: 0
  m_LocalEulerAnglesHint: {x: 0, y: 0, z: 0}
--- !u!114 &2708103809603000893
MonoBehaviour:
  m_ObjectHideFlags: 0
  m_CorrespondingSourceObject: {fileID: 0}
  m_PrefabInstance: {fileID: 0}
  m_PrefabAsset: {fileID: 0}
  m_GameObject: {fileID: 4369100549096207912}
  m_Enabled: 1
  m_EditorHideFlags: 0
  m_Script: {fileID: 11500000, guid: 0ef95ab75dcbf6d439118c88c169371d, type: 3}
  m_Name: 
  m_EditorClassIdentifier: 
--- !u!1001 &8542359622656637736
PrefabInstance:
  m_ObjectHideFlags: 0
  serializedVersion: 2
  m_Modification:
    m_TransformParent: {fileID: 3007655211628501150}
    m_Modifications:
    - target: {fileID: 169500966430888246, guid: 951ffaac77c60b74c881083d826b508e, type: 3}
      propertyPath: m_Bounds.m_Center.x
      value: 0.28482056
      objectReference: {fileID: 0}
    - target: {fileID: 169500966430888246, guid: 951ffaac77c60b74c881083d826b508e, type: 3}
      propertyPath: m_Bounds.m_Center.y
      value: 2.6105194
      objectReference: {fileID: 0}
    - target: {fileID: 169500966430888246, guid: 951ffaac77c60b74c881083d826b508e, type: 3}
      propertyPath: m_Bounds.m_Center.z
      value: 8.8819875e-18
      objectReference: {fileID: 0}
    - target: {fileID: 169500966430888246, guid: 951ffaac77c60b74c881083d826b508e, type: 3}
      propertyPath: m_Bounds.m_Extent.x
      value: 0.05000004
      objectReference: {fileID: 0}
    - target: {fileID: 169500966430888246, guid: 951ffaac77c60b74c881083d826b508e, type: 3}
      propertyPath: m_Bounds.m_Extent.y
      value: 0.025000095
      objectReference: {fileID: 0}
    - target: {fileID: 169500966430888246, guid: 951ffaac77c60b74c881083d826b508e, type: 3}
      propertyPath: m_Bounds.m_Extent.z
      value: 5.7198695e-15
      objectReference: {fileID: 0}
    - target: {fileID: 413112006694341831, guid: 951ffaac77c60b74c881083d826b508e, type: 3}
      propertyPath: m_Bounds.m_Center.x
      value: 0.2876355
      objectReference: {fileID: 0}
    - target: {fileID: 413112006694341831, guid: 951ffaac77c60b74c881083d826b508e, type: 3}
      propertyPath: m_Bounds.m_Center.y
      value: 2.6105194
      objectReference: {fileID: 0}
    - target: {fileID: 413112006694341831, guid: 951ffaac77c60b74c881083d826b508e, type: 3}
      propertyPath: m_Bounds.m_Center.z
      value: -0.03000009
      objectReference: {fileID: 0}
    - target: {fileID: 413112006694341831, guid: 951ffaac77c60b74c881083d826b508e, type: 3}
      propertyPath: m_Bounds.m_Extent.x
      value: 0.13218522
      objectReference: {fileID: 0}
    - target: {fileID: 485633704892872761, guid: 951ffaac77c60b74c881083d826b508e, type: 3}
      propertyPath: m_Bounds.m_Center.x
      value: 0.27661553
      objectReference: {fileID: 0}
    - target: {fileID: 485633704892872761, guid: 951ffaac77c60b74c881083d826b508e, type: 3}
      propertyPath: m_Bounds.m_Center.y
      value: 2.6105185
      objectReference: {fileID: 0}
    - target: {fileID: 485633704892872761, guid: 951ffaac77c60b74c881083d826b508e, type: 3}
      propertyPath: m_Bounds.m_Center.z
      value: 0.029999971
      objectReference: {fileID: 0}
    - target: {fileID: 485633704892872761, guid: 951ffaac77c60b74c881083d826b508e, type: 3}
      propertyPath: m_Bounds.m_Extent.x
      value: 0.29679513
      objectReference: {fileID: 0}
    - target: {fileID: 485633704892872761, guid: 951ffaac77c60b74c881083d826b508e, type: 3}
      propertyPath: m_Bounds.m_Extent.y
      value: 0.2550001
      objectReference: {fileID: 0}
    - target: {fileID: 911298593483463188, guid: 951ffaac77c60b74c881083d826b508e, type: 3}
      propertyPath: m_Bounds.m_Center.x
      value: 0.28392535
      objectReference: {fileID: 0}
    - target: {fileID: 911298593483463188, guid: 951ffaac77c60b74c881083d826b508e, type: 3}
      propertyPath: m_Bounds.m_Center.y
      value: 2.6122894
      objectReference: {fileID: 0}
    - target: {fileID: 911298593483463188, guid: 951ffaac77c60b74c881083d826b508e, type: 3}
      propertyPath: m_Bounds.m_Center.z
      value: 0.01999998
      objectReference: {fileID: 0}
    - target: {fileID: 911298593483463188, guid: 951ffaac77c60b74c881083d826b508e, type: 3}
      propertyPath: m_Bounds.m_Extent.x
      value: 0.16410504
      objectReference: {fileID: 0}
    - target: {fileID: 911298593483463188, guid: 951ffaac77c60b74c881083d826b508e, type: 3}
      propertyPath: m_Bounds.m_Extent.y
      value: 0.3427601
      objectReference: {fileID: 0}
    - target: {fileID: 1419784897580123576, guid: 951ffaac77c60b74c881083d826b508e, type: 3}
      propertyPath: m_Name
      value: Surtr visual
      objectReference: {fileID: 0}
    - target: {fileID: 1814569946531410637, guid: 951ffaac77c60b74c881083d826b508e, type: 3}
      propertyPath: m_Bounds.m_Center.x
      value: 0.2872206
      objectReference: {fileID: 0}
    - target: {fileID: 1814569946531410637, guid: 951ffaac77c60b74c881083d826b508e, type: 3}
      propertyPath: m_Bounds.m_Center.y
      value: 2.6105175
      objectReference: {fileID: 0}
    - target: {fileID: 1814569946531410637, guid: 951ffaac77c60b74c881083d826b508e, type: 3}
      propertyPath: m_Bounds.m_Center.z
      value: -0.019999862
      objectReference: {fileID: 0}
    - target: {fileID: 1814569946531410637, guid: 951ffaac77c60b74c881083d826b508e, type: 3}
      propertyPath: m_Bounds.m_Extent.x
      value: 0.22260037
      objectReference: {fileID: 0}
    - target: {fileID: 1814569946531410637, guid: 951ffaac77c60b74c881083d826b508e, type: 3}
      propertyPath: m_Bounds.m_Extent.y
      value: 0.29500008
      objectReference: {fileID: 0}
    - target: {fileID: 1944477386180262438, guid: 951ffaac77c60b74c881083d826b508e, type: 3}
      propertyPath: m_Bounds.m_Center.x
      value: 0.2845155
      objectReference: {fileID: 0}
    - target: {fileID: 1944477386180262438, guid: 951ffaac77c60b74c881083d826b508e, type: 3}
      propertyPath: m_Bounds.m_Center.y
      value: 2.6083446
      objectReference: {fileID: 0}
    - target: {fileID: 1944477386180262438, guid: 951ffaac77c60b74c881083d826b508e, type: 3}
      propertyPath: m_Bounds.m_Center.z
      value: 0.00999999
      objectReference: {fileID: 0}
    - target: {fileID: 1944477386180262438, guid: 951ffaac77c60b74c881083d826b508e, type: 3}
      propertyPath: m_Bounds.m_Extent.x
      value: 0.24690524
      objectReference: {fileID: 0}
    - target: {fileID: 1944477386180262438, guid: 951ffaac77c60b74c881083d826b508e, type: 3}
      propertyPath: m_Bounds.m_Extent.y
      value: 0.4178251
      objectReference: {fileID: 0}
    - target: {fileID: 2406772977989485480, guid: 951ffaac77c60b74c881083d826b508e, type: 3}
      propertyPath: m_Bounds.m_Center.x
      value: 0.2841082
      objectReference: {fileID: 0}
    - target: {fileID: 2406772977989485480, guid: 951ffaac77c60b74c881083d826b508e, type: 3}
      propertyPath: m_Bounds.m_Center.y
      value: 2.6087575
      objectReference: {fileID: 0}
    - target: {fileID: 2406772977989485480, guid: 951ffaac77c60b74c881083d826b508e, type: 3}
      propertyPath: m_Bounds.m_Center.z
      value: 0.01000011
      objectReference: {fileID: 0}
    - target: {fileID: 2406772977989485480, guid: 951ffaac77c60b74c881083d826b508e, type: 3}
      propertyPath: m_Bounds.m_Extent.x
      value: 0.33664018
      objectReference: {fileID: 0}
    - target: {fileID: 2536397962222021646, guid: 951ffaac77c60b74c881083d826b508e, type: 3}
      propertyPath: m_Bounds.m_Center.x
      value: 0.2848206
      objectReference: {fileID: 0}
    - target: {fileID: 2536397962222021646, guid: 951ffaac77c60b74c881083d826b508e, type: 3}
      propertyPath: m_Bounds.m_Center.y
      value: 2.6105027
      objectReference: {fileID: 0}
    - target: {fileID: 2536397962222021646, guid: 951ffaac77c60b74c881083d826b508e, type: 3}
      propertyPath: m_Bounds.m_Center.z
      value: 0.00000011920929
      objectReference: {fileID: 0}
    - target: {fileID: 2536397962222021646, guid: 951ffaac77c60b74c881083d826b508e, type: 3}
      propertyPath: m_Bounds.m_Extent.x
      value: 0.2950002
      objectReference: {fileID: 0}
    - target: {fileID: 2536397962222021646, guid: 951ffaac77c60b74c881083d826b508e, type: 3}
      propertyPath: m_Bounds.m_Extent.z
      value: 3.1974423e-14
      objectReference: {fileID: 0}
    - target: {fileID: 2575984502874535217, guid: 951ffaac77c60b74c881083d826b508e, type: 3}
      propertyPath: m_Bounds.m_Center.x
      value: 0.28487062
      objectReference: {fileID: 0}
    - target: {fileID: 2575984502874535217, guid: 951ffaac77c60b74c881083d826b508e, type: 3}
      propertyPath: m_Bounds.m_Center.y
      value: 2.6105194
      objectReference: {fileID: 0}
    - target: {fileID: 2575984502874535217, guid: 951ffaac77c60b74c881083d826b508e, type: 3}
      propertyPath: m_Bounds.m_Center.z
      value: 0.029999971
      objectReference: {fileID: 0}
    - target: {fileID: 2575984502874535217, guid: 951ffaac77c60b74c881083d826b508e, type: 3}
      propertyPath: m_Bounds.m_Extent.x
      value: 0.15742019
      objectReference: {fileID: 0}
    - target: {fileID: 2575984502874535217, guid: 951ffaac77c60b74c881083d826b508e, type: 3}
      propertyPath: m_Bounds.m_Extent.y
      value: 0.2800002
      objectReference: {fileID: 0}
    - target: {fileID: 3325780097703022059, guid: 951ffaac77c60b74c881083d826b508e, type: 3}
      propertyPath: m_Bounds.m_Center.x
      value: 0.28482056
      objectReference: {fileID: 0}
    - target: {fileID: 3325780097703022059, guid: 951ffaac77c60b74c881083d826b508e, type: 3}
      propertyPath: m_Bounds.m_Center.y
      value: 2.6121573
      objectReference: {fileID: 0}
    - target: {fileID: 3325780097703022059, guid: 951ffaac77c60b74c881083d826b508e, type: 3}
      propertyPath: m_Bounds.m_Center.z
      value: -5.1940907e-17
      objectReference: {fileID: 0}
    - target: {fileID: 3325780097703022059, guid: 951ffaac77c60b74c881083d826b508e, type: 3}
      propertyPath: m_Bounds.m_Extent.x
      value: 0.10000008
      objectReference: {fileID: 0}
    - target: {fileID: 3325780097703022059, guid: 951ffaac77c60b74c881083d826b508e, type: 3}
      propertyPath: m_Bounds.m_Extent.y
      value: 0.06835997
      objectReference: {fileID: 0}
    - target: {fileID: 3325780097703022059, guid: 951ffaac77c60b74c881083d826b508e, type: 3}
      propertyPath: m_Bounds.m_Extent.z
      value: 1.1387797e-14
      objectReference: {fileID: 0}
    - target: {fileID: 3567931574476699971, guid: 951ffaac77c60b74c881083d826b508e, type: 3}
      propertyPath: m_Bounds.m_Center.x
      value: 0.4383139
      objectReference: {fileID: 0}
    - target: {fileID: 3567931574476699971, guid: 951ffaac77c60b74c881083d826b508e, type: 3}
      propertyPath: m_Bounds.m_Center.y
      value: 2.4675846
      objectReference: {fileID: 0}
    - target: {fileID: 3567931574476699971, guid: 951ffaac77c60b74c881083d826b508e, type: 3}
      propertyPath: m_Bounds.m_Center.z
      value: -0.00999999
      objectReference: {fileID: 0}
    - target: {fileID: 3567931574476699971, guid: 951ffaac77c60b74c881083d826b508e, type: 3}
      propertyPath: m_Bounds.m_Extent.x
      value: 0.26919037
      objectReference: {fileID: 0}
    - target: {fileID: 3567931574476699971, guid: 951ffaac77c60b74c881083d826b508e, type: 3}
      propertyPath: m_Bounds.m_Extent.y
      value: 0.77500033
      objectReference: {fileID: 0}
    - target: {fileID: 4120874289505679333, guid: 951ffaac77c60b74c881083d826b508e, type: 3}
      propertyPath: m_Bounds.m_Center.x
      value: 0.2845456
      objectReference: {fileID: 0}
    - target: {fileID: 4120874289505679333, guid: 951ffaac77c60b74c881083d826b508e, type: 3}
      propertyPath: m_Bounds.m_Center.y
      value: 2.6097832
      objectReference: {fileID: 0}
    - target: {fileID: 4120874289505679333, guid: 951ffaac77c60b74c881083d826b508e, type: 3}
      propertyPath: m_Bounds.m_Center.z
      value: 0.000000059604627
      objectReference: {fileID: 0}
    - target: {fileID: 4120874289505679333, guid: 951ffaac77c60b74c881083d826b508e, type: 3}
      propertyPath: m_Bounds.m_Extent.x
      value: 0.31972525
      objectReference: {fileID: 0}
    - target: {fileID: 4120874289505679333, guid: 951ffaac77c60b74c881083d826b508e, type: 3}
      propertyPath: m_Bounds.m_Extent.y
      value: 0.1888156
      objectReference: {fileID: 0}
    - target: {fileID: 4120874289505679333, guid: 951ffaac77c60b74c881083d826b508e, type: 3}
      propertyPath: m_Bounds.m_Extent.z
      value: 0.00000005960465
      objectReference: {fileID: 0}
    - target: {fileID: 4534993383650479057, guid: 951ffaac77c60b74c881083d826b508e, type: 3}
      propertyPath: m_Bounds.m_Center.x
      value: 0.28482562
      objectReference: {fileID: 0}
    - target: {fileID: 4534993383650479057, guid: 951ffaac77c60b74c881083d826b508e, type: 3}
      propertyPath: m_Bounds.m_Center.y
      value: 2.6146045
      objectReference: {fileID: 0}
    - target: {fileID: 4534993383650479057, guid: 951ffaac77c60b74c881083d826b508e, type: 3}
      propertyPath: m_Bounds.m_Center.z
      value: -0.00999999
      objectReference: {fileID: 0}
    - target: {fileID: 4534993383650479057, guid: 951ffaac77c60b74c881083d826b508e, type: 3}
      propertyPath: m_Bounds.m_Extent.x
      value: 0.15499511
      objectReference: {fileID: 0}
    - target: {fileID: 5073908468939260207, guid: 951ffaac77c60b74c881083d826b508e, type: 3}
      propertyPath: m_Bounds.m_Center.x
      value: 0.28489822
      objectReference: {fileID: 0}
    - target: {fileID: 5073908468939260207, guid: 951ffaac77c60b74c881083d826b508e, type: 3}
      propertyPath: m_Bounds.m_Center.y
      value: 2.6107893
      objectReference: {fileID: 0}
    - target: {fileID: 5073908468939260207, guid: 951ffaac77c60b74c881083d826b508e, type: 3}
      propertyPath: m_Bounds.m_Center.z
      value: 0.00000011920929
      objectReference: {fileID: 0}
    - target: {fileID: 5073908468939260207, guid: 951ffaac77c60b74c881083d826b508e, type: 3}
      propertyPath: m_Bounds.m_Extent.x
      value: 0.30493015
      objectReference: {fileID: 0}
    - target: {fileID: 5073908468939260207, guid: 951ffaac77c60b74c881083d826b508e, type: 3}
      propertyPath: m_Bounds.m_Extent.y
      value: 0.27963006
      objectReference: {fileID: 0}
    - target: {fileID: 5073908468939260207, guid: 951ffaac77c60b74c881083d826b508e, type: 3}
      propertyPath: m_Bounds.m_Extent.z
      value: 3.1974423e-14
      objectReference: {fileID: 0}
    - target: {fileID: 5988474218989867702, guid: 951ffaac77c60b74c881083d826b508e, type: 3}
      propertyPath: m_Bounds.m_Center.x
      value: 0.2848282
      objectReference: {fileID: 0}
    - target: {fileID: 5988474218989867702, guid: 951ffaac77c60b74c881083d826b508e, type: 3}
      propertyPath: m_Bounds.m_Center.y
      value: 2.6133995
      objectReference: {fileID: 0}
    - target: {fileID: 5988474218989867702, guid: 951ffaac77c60b74c881083d826b508e, type: 3}
      propertyPath: m_Bounds.m_Center.z
      value: 0.01999998
      objectReference: {fileID: 0}
    - target: {fileID: 5988474218989867702, guid: 951ffaac77c60b74c881083d826b508e, type: 3}
      propertyPath: m_Bounds.m_Extent.x
      value: 0.33000004
      objectReference: {fileID: 0}
    - target: {fileID: 5988474218989867702, guid: 951ffaac77c60b74c881083d826b508e, type: 3}
      propertyPath: m_Bounds.m_Extent.y
      value: 0.6792501
      objectReference: {fileID: 0}
    - target: {fileID: 6453097745675961574, guid: 951ffaac77c60b74c881083d826b508e, type: 3}
      propertyPath: m_Bounds.m_Center.x
      value: 0.0633454
      objectReference: {fileID: 0}
    - target: {fileID: 6453097745675961574, guid: 951ffaac77c60b74c881083d826b508e, type: 3}
      propertyPath: m_Bounds.m_Center.y
      value: -0.0004825592
      objectReference: {fileID: 0}
    - target: {fileID: 6453097745675961574, guid: 951ffaac77c60b74c881083d826b508e, type: 3}
      propertyPath: m_Bounds.m_Center.z
      value: 1.1936388e-16
      objectReference: {fileID: 0}
    - target: {fileID: 6453097745675961574, guid: 951ffaac77c60b74c881083d826b508e, type: 3}
      propertyPath: m_Bounds.m_Extent.x
      value: 0.4961552
      objectReference: {fileID: 0}
    - target: {fileID: 6453097745675961574, guid: 951ffaac77c60b74c881083d826b508e, type: 3}
      propertyPath: m_Bounds.m_Extent.y
      value: 0.8650002
      objectReference: {fileID: 0}
    - target: {fileID: 6453097745675961574, guid: 951ffaac77c60b74c881083d826b508e, type: 3}
      propertyPath: m_Bounds.m_Extent.z
      value: 1.12812564e-13
      objectReference: {fileID: 0}
    - target: {fileID: 6712538564516816254, guid: 951ffaac77c60b74c881083d826b508e, type: 3}
      propertyPath: m_Bounds.m_Center.x
      value: 0.43584657
      objectReference: {fileID: 0}
    - target: {fileID: 6712538564516816254, guid: 951ffaac77c60b74c881083d826b508e, type: 3}
      propertyPath: m_Bounds.m_Center.y
      value: 2.4698446
      objectReference: {fileID: 0}
    - target: {fileID: 6712538564516816254, guid: 951ffaac77c60b74c881083d826b508e, type: 3}
      propertyPath: m_Bounds.m_Center.z
      value: -0.0200001
      objectReference: {fileID: 0}
    - target: {fileID: 6712538564516816254, guid: 951ffaac77c60b74c881083d826b508e, type: 3}
      propertyPath: m_Bounds.m_Extent.x
      value: 0.18740514
      objectReference: {fileID: 0}
    - target: {fileID: 7249638114206167628, guid: 951ffaac77c60b74c881083d826b508e, type: 3}
      propertyPath: m_Bounds.m_Center.x
      value: 0.28482816
      objectReference: {fileID: 0}
    - target: {fileID: 7249638114206167628, guid: 951ffaac77c60b74c881083d826b508e, type: 3}
      propertyPath: m_Bounds.m_Center.y
      value: 1.7062738
      objectReference: {fileID: 0}
    - target: {fileID: 7249638114206167628, guid: 951ffaac77c60b74c881083d826b508e, type: 3}
      propertyPath: m_Bounds.m_Center.z
      value: 0
      objectReference: {fileID: 0}
    - target: {fileID: 7249638114206167628, guid: 951ffaac77c60b74c881083d826b508e, type: 3}
      propertyPath: m_Bounds.m_Extent.x
      value: 0.41500023
      objectReference: {fileID: 0}
    - target: {fileID: 7249638114206167628, guid: 951ffaac77c60b74c881083d826b508e, type: 3}
      propertyPath: m_Bounds.m_Extent.y
      value: 1.7062738
      objectReference: {fileID: 0}
    - target: {fileID: 7249638114206167628, guid: 951ffaac77c60b74c881083d826b508e, type: 3}
      propertyPath: m_Bounds.m_Extent.z
      value: 9.436008e-14
      objectReference: {fileID: 0}
    - target: {fileID: 8235276995878271190, guid: 951ffaac77c60b74c881083d826b508e, type: 3}
      propertyPath: m_Bounds.m_Center.x
      value: 0.43459147
      objectReference: {fileID: 0}
    - target: {fileID: 8235276995878271190, guid: 951ffaac77c60b74c881083d826b508e, type: 3}
      propertyPath: m_Bounds.m_Center.y
      value: 2.4483466
      objectReference: {fileID: 0}
    - target: {fileID: 8235276995878271190, guid: 951ffaac77c60b74c881083d826b508e, type: 3}
      propertyPath: m_Bounds.m_Center.z
      value: -0.03000009
      objectReference: {fileID: 0}
    - target: {fileID: 8235276995878271190, guid: 951ffaac77c60b74c881083d826b508e, type: 3}
      propertyPath: m_Bounds.m_Extent.x
      value: 0.30200005
      objectReference: {fileID: 0}
    - target: {fileID: 8235276995878271190, guid: 951ffaac77c60b74c881083d826b508e, type: 3}
      propertyPath: m_Bounds.m_Extent.y
      value: 0.20423996
      objectReference: {fileID: 0}
    - target: {fileID: 8888300414637989993, guid: 951ffaac77c60b74c881083d826b508e, type: 3}
      propertyPath: m_RootOrder
      value: 1
      objectReference: {fileID: 0}
    - target: {fileID: 8888300414637989993, guid: 951ffaac77c60b74c881083d826b508e, type: 3}
      propertyPath: m_LocalPosition.x
      value: 0
      objectReference: {fileID: 0}
    - target: {fileID: 8888300414637989993, guid: 951ffaac77c60b74c881083d826b508e, type: 3}
      propertyPath: m_LocalPosition.y
      value: -2.5
      objectReference: {fileID: 0}
    - target: {fileID: 8888300414637989993, guid: 951ffaac77c60b74c881083d826b508e, type: 3}
      propertyPath: m_LocalPosition.z
      value: 0
      objectReference: {fileID: 0}
    - target: {fileID: 8888300414637989993, guid: 951ffaac77c60b74c881083d826b508e, type: 3}
      propertyPath: m_LocalRotation.w
      value: 0.7071068
      objectReference: {fileID: 0}
    - target: {fileID: 8888300414637989993, guid: 951ffaac77c60b74c881083d826b508e, type: 3}
      propertyPath: m_LocalRotation.x
      value: 0
      objectReference: {fileID: 0}
    - target: {fileID: 8888300414637989993, guid: 951ffaac77c60b74c881083d826b508e, type: 3}
      propertyPath: m_LocalRotation.y
      value: -0.7071068
      objectReference: {fileID: 0}
    - target: {fileID: 8888300414637989993, guid: 951ffaac77c60b74c881083d826b508e, type: 3}
      propertyPath: m_LocalRotation.z
      value: 0
      objectReference: {fileID: 0}
    - target: {fileID: 8888300414637989993, guid: 951ffaac77c60b74c881083d826b508e, type: 3}
      propertyPath: m_LocalEulerAnglesHint.x
      value: 0
      objectReference: {fileID: 0}
    - target: {fileID: 8888300414637989993, guid: 951ffaac77c60b74c881083d826b508e, type: 3}
      propertyPath: m_LocalEulerAnglesHint.y
      value: -90
      objectReference: {fileID: 0}
    - target: {fileID: 8888300414637989993, guid: 951ffaac77c60b74c881083d826b508e, type: 3}
      propertyPath: m_LocalEulerAnglesHint.z
      value: 0
      objectReference: {fileID: 0}
    - target: {fileID: 8929695727231365085, guid: 951ffaac77c60b74c881083d826b508e, type: 3}
      propertyPath: m_Bounds.m_Center.x
      value: 0.28323805
      objectReference: {fileID: 0}
    - target: {fileID: 8929695727231365085, guid: 951ffaac77c60b74c881083d826b508e, type: 3}
      propertyPath: m_Bounds.m_Center.y
      value: 2.6108024
      objectReference: {fileID: 0}
    - target: {fileID: 8929695727231365085, guid: 951ffaac77c60b74c881083d826b508e, type: 3}
      propertyPath: m_Bounds.m_Center.z
      value: -3.6155093e-16
      objectReference: {fileID: 0}
    - target: {fileID: 8929695727231365085, guid: 951ffaac77c60b74c881083d826b508e, type: 3}
      propertyPath: m_Bounds.m_Extent.x
      value: 0.18752009
      objectReference: {fileID: 0}
    - target: {fileID: 8929695727231365085, guid: 951ffaac77c60b74c881083d826b508e, type: 3}
      propertyPath: m_Bounds.m_Extent.z
      value: 4.2637108e-14
      objectReference: {fileID: 0}
    - target: {fileID: 8996847127122290229, guid: 951ffaac77c60b74c881083d826b508e, type: 3}
      propertyPath: m_Bounds.m_Center.x
      value: 0.28288314
      objectReference: {fileID: 0}
    - target: {fileID: 8996847127122290229, guid: 951ffaac77c60b74c881083d826b508e, type: 3}
      propertyPath: m_Bounds.m_Center.y
      value: 2.6105194
      objectReference: {fileID: 0}
    - target: {fileID: 8996847127122290229, guid: 951ffaac77c60b74c881083d826b508e, type: 3}
      propertyPath: m_Bounds.m_Center.z
      value: 0.00000011920929
      objectReference: {fileID: 0}
    - target: {fileID: 8996847127122290229, guid: 951ffaac77c60b74c881083d826b508e, type: 3}
      propertyPath: m_Bounds.m_Extent.x
      value: 0.32301515
      objectReference: {fileID: 0}
    - target: {fileID: 8996847127122290229, guid: 951ffaac77c60b74c881083d826b508e, type: 3}
      propertyPath: m_Bounds.m_Extent.y
      value: 0.23000002
      objectReference: {fileID: 0}
    - target: {fileID: 8996847127122290229, guid: 951ffaac77c60b74c881083d826b508e, type: 3}
      propertyPath: m_Bounds.m_Extent.z
      value: 3.907985e-14
      objectReference: {fileID: 0}
    - target: {fileID: 9113970758138487726, guid: 951ffaac77c60b74c881083d826b508e, type: 3}
      propertyPath: m_Bounds.m_Center.x
      value: 0.28482056
      objectReference: {fileID: 0}
    - target: {fileID: 9113970758138487726, guid: 951ffaac77c60b74c881083d826b508e, type: 3}
      propertyPath: m_Bounds.m_Center.y
      value: 2.6100144
      objectReference: {fileID: 0}
    - target: {fileID: 9113970758138487726, guid: 951ffaac77c60b74c881083d826b508e, type: 3}
      propertyPath: m_Bounds.m_Center.z
      value: -1.0633313e-16
      objectReference: {fileID: 0}
    - target: {fileID: 9113970758138487726, guid: 951ffaac77c60b74c881083d826b508e, type: 3}
      propertyPath: m_Bounds.m_Extent.x
      value: 0.25500017
      objectReference: {fileID: 0}
    - target: {fileID: 9113970758138487726, guid: 951ffaac77c60b74c881083d826b508e, type: 3}
      propertyPath: m_Bounds.m_Extent.y
      value: 0.22949505
      objectReference: {fileID: 0}
    - target: {fileID: 9113970758138487726, guid: 951ffaac77c60b74c881083d826b508e, type: 3}
      propertyPath: m_Bounds.m_Extent.z
      value: 2.8987673e-14
      objectReference: {fileID: 0}
    - target: {fileID: 9167613899071464620, guid: 951ffaac77c60b74c881083d826b508e, type: 3}
      propertyPath: m_Bounds.m_Center.x
      value: 0.2848282
      objectReference: {fileID: 0}
    - target: {fileID: 9167613899071464620, guid: 951ffaac77c60b74c881083d826b508e, type: 3}
      propertyPath: m_Bounds.m_Center.y
      value: 2.6127176
      objectReference: {fileID: 0}
    - target: {fileID: 9167613899071464620, guid: 951ffaac77c60b74c881083d826b508e, type: 3}
      propertyPath: m_Bounds.m_Center.z
      value: 0.00000011920929
      objectReference: {fileID: 0}
    - target: {fileID: 9167613899071464620, guid: 951ffaac77c60b74c881083d826b508e, type: 3}
      propertyPath: m_Bounds.m_Extent.x
      value: 0.31500024
      objectReference: {fileID: 0}
    - target: {fileID: 9167613899071464620, guid: 951ffaac77c60b74c881083d826b508e, type: 3}
      propertyPath: m_Bounds.m_Extent.y
      value: 0.36001003
      objectReference: {fileID: 0}
    - target: {fileID: 9167613899071464620, guid: 951ffaac77c60b74c881083d826b508e, type: 3}
      propertyPath: m_Bounds.m_Extent.z
      value: 3.907985e-14
      objectReference: {fileID: 0}
    m_RemovedComponents: []
  m_SourcePrefab: {fileID: 100100000, guid: 951ffaac77c60b74c881083d826b508e, type: 3}
--- !u!4 &996730327766588225 stripped
Transform:
  m_CorrespondingSourceObject: {fileID: 8888300414637989993, guid: 951ffaac77c60b74c881083d826b508e, type: 3}
  m_PrefabInstance: {fileID: 8542359622656637736}
  m_PrefabAsset: {fileID: 0}
--- !u!95 &8542359621943355097 stripped
Animator:
  m_CorrespondingSourceObject: {fileID: 1568955889, guid: 951ffaac77c60b74c881083d826b508e, type: 3}
  m_PrefabInstance: {fileID: 8542359622656637736}
  m_PrefabAsset: {fileID: 0}
